<record><leader>00000cas a22000007a 4500</leader><controlfield tag="001">15986823</controlfield><controlfield tag="008">870616c19789999iauwr ne      0    0eng d</controlfield><datafield ind1=" " ind2=" " tag="010"><subfield code="a">sn 87058363 </subfield></datafield><datafield ind1=" " ind2=" " tag="040"><subfield code="a">INP</subfield><subfield code="b">eng</subfield><subfield code="c">INP</subfield><subfield code="d">EBZ</subfield></datafield><datafield ind1="1" ind2=" " tag="029"><subfield code="a">AU@</subfield><subfield code="b">000025832065</subfield></datafield><datafield ind1=" " ind2=" " tag="037"><subfield code="b">Jesup Citizen Herald, 910 6th Street, Jesup, IA 50648</subfield></datafield><datafield ind1=" " ind2=" " tag="042"><subfield code="a">msc</subfield></datafield><datafield ind1="0" ind2="0" tag="245"><subfield code="a">Jesup citizen herald.</subfield></datafield><datafield ind1="1" ind2="0" tag="246"><subfield code="a">Citizen herald</subfield></datafield><datafield ind1=" " ind2=" " tag="260"><subfield code="a">Jesup, Iowa :</subfield><subfield code="b">[s.n.],</subfield><subfield code="c">1978-</subfield></datafield><datafield ind1=" " ind2=" " tag="300"><subfield code="a">v.</subfield></datafield><datafield ind1=" " ind2=" " tag="310"><subfield code="a">Weekly</subfield></datafield><datafield ind1="0" ind2=" " tag="362"><subfield code="a">Vol. 78, no. 50 (Dec. 13, 1978)-</subfield></datafield><datafield ind1=" " ind2=" " tag="752"><subfield code="a">United States</subfield><subfield code="b">Iowa</subfield><subfield code="c">Buchanan</subfield><subfield code="d">Jesup.</subfield></datafield><datafield ind1="0" ind2="0" tag="780"><subfield code="t">Citizens' herald</subfield><subfield code="w">(DLC)sn 87058362</subfield></datafield></record>